<?xml version="1.0" encoding="UTF-8"?><collection xmlns="http://www.loc.gov/MARC21/slim"><record><leader>00387nam--2200133-i-4500</leader><controlfield tag="001">000026127</controlfield><controlfield tag="002">20161230</controlfield><controlfield tag="005">20161230201036</controlfield><controlfield tag="008">060222s1000------------r-----000-0-eng-d</controlfield><datafield ind1=" " ind2=" " tag="080"><subfield code="a">681.326.32:681.3.012(026)</subfield></datafield><datafield ind1=" " ind2=" " tag="100"><subfield code="a">Kane, Gerry And Osborne, Adam</subfield></datafield><datafield ind1=" " ind2=" " tag="245"><subfield code="a">Osborne 4 and 8-bit microprocessor handbook</subfield></datafield><datafield ind1=" " ind2=" " tag="260"><subfield code="a">Berkeley, Osborne/Mcgraw-hill, 1981, Xvii + /P.Dif.</subfield></datafield><datafield ind1=" " ind2=" " tag="852"><subfield code="a">70318</subfield></datafield></record></collection>